@misc{ala1989presidential,
	title = {{Presidential Committee on Information Literacy: Final Report}},
	url = {http://www.ala.org/acrl/publications/whitepapers/presidential},
	author = {{American Library Association}},
	month = {1},
	year = {1989},
	address = {{Washington, D.C., EEUU}}
}

@conference{beile2005development,
  author       = {Beile, Penny}, 
  title        = {{Development and Validation of the Information Literacy Assessment Scale for Education (ILAS-ED)}},
  booktitle    = {{American Educational Research Association Annual Meeting}},
  year         = {2005},
  address      = {{Montreal, Canada}},
  month        = {4},
  publisher    = {{Resources in Education, Education Resources Information Center}}
}

@inproceedings{beile2007ilas,
	title = {{The ILAS-ED: A Standards-Based Instrument for Assessing Pre-Service Teachers’ Information Literacy Levels}},
	author = {Beile, Penny},
	editor = {Carlsen, R and McFerrin, K and Price, J and Weber, R and Willis, D},
	booktitle = {{Proceedings of SITE 2007--Society for Information Technology \& Teacher Education International Conference}},
	pages = {1250--1256},
	year = {2007},
	organization = {Association for the Advancement of Computing in Education (AACE)},
	address = {{San Antonio, Texas, USA}}
}

@article{boh2016development,
	title = {{Development, testing, and validation of an information literacy test (ILT) for higher education}},
	author = {Boh Podgornik, Bojana and Dolni{\v{c}}ar, Danica and {\v{S}}orgo, Andrej and Bartol, Toma{\v{z}}},
	journal = {{Journal of the Association for Information Science and Technology}},
	volume = {67},
	number = {10},
	pages = {2420--2436},
	year = {2016}
}

@book{bruce1997seven,
	title = {{The seven faces of information literacy}},
	publisher = {{Auslib Press Adelaide}},
	author = {Bruce, Christine},
	year = {1997},
	address = {{Adelaide, Australia}}
}

@incollection{cabrera2015evolucion,
	author = {Cabrera, Alberto F and Pérez, Paulina and López, Lorena}, 
	title = {{Evolución de perspectivas en el estudio de la retención universitaria en los EEUU: bases conceptuales y puntos de inflexión}},
	booktitle = {{Persistir con éxito en la universidad: De la investigación a la acción}},
	publisher = {Laertes},
	year = 2015,
	editor = {Figuera, Pilar},
	pages = {15--40},
	address = {{Barcelona, España}}
}

